750,17/06/09,20:10:56,INFO,executor.Executor,Running task 0.0 in stage 21.0 (TID 853),E24,Running task  in stage  (TID )
751,17/06/09,20:10:56,INFO,executor.CoarseGrainedExecutorBackend,Got assigned task 867,E11,Got assigned task 
752,17/06/09,20:10:56,INFO,executor.Executor,Running task 1.0 in stage 21.0 (TID 867),E24,Running task  in stage  (TID )
753,17/06/09,20:10:56,INFO,executor.CoarseGrainedExecutorBackend,Got assigned task 877,E11,Got assigned task 
754,17/06/09,20:10:56,INFO,executor.Executor,Running task 2.0 in stage 21.0 (TID 877),E24,Running task  in stage  (TID )
755,17/06/09,20:10:56,INFO,executor.CoarseGrainedExecutorBackend,Got assigned task 878,E11,Got assigned task 
756,17/06/09,20:10:56,INFO,executor.Executor,Running task 3.0 in stage 21.0 (TID 878),E24,Running task  in stage  (TID )
757,17/06/09,20:10:56,INFO,broadcast.TorrentBroadcast,Started reading broadcast variable 30,E29,Started reading broadcast variable 
758,17/06/09,20:10:56,INFO,executor.CoarseGrainedExecutorBackend,Got assigned task 879,E11,Got assigned task 
759,17/06/09,20:10:56,INFO,executor.Executor,Running task 4.0 in stage 21.0 (TID 879),E24,Running task  in stage  (TID )
760,17/06/09,20:10:56,INFO,storage.MemoryStore,"Block broadcast_30_piece0 stored as bytes in memory (estimated size 5.8 KB, free 380.0 KB)",E2,"Block  stored as bytes in memory (estimated size , free )"
761,17/06/09,20:10:56,INFO,broadcast.TorrentBroadcast,Reading broadcast variable 30 took 8 ms,E20,Reading broadcast variable  took  ms
762,17/06/09,20:10:56,INFO,storage.MemoryStore,"Block broadcast_30 stored as values in memory (estimated size 9.7 KB, free 389.7 KB)",E3,"Block  stored as values in memory (estimated size , free )"
763,17/06/09,20:10:56,INFO,storage.BlockManager,Found block rdd_2_0 locally,E10,Found block rdd_ locally
764,17/06/09,20:10:56,INFO,storage.BlockManager,Found block rdd_2_4 locally,E10,Found block rdd_ locally
765,17/06/09,20:10:56,INFO,storage.BlockManager,Found block rdd_2_3 locally,E10,Found block rdd_ locally
766,17/06/09,20:10:56,INFO,storage.BlockManager,Found block rdd_2_2 locally,E10,Found block rdd_ locally
767,17/06/09,20:10:56,INFO,storage.BlockManager,Found block rdd_2_1 locally,E10,Found block rdd_ locally
768,17/06/09,20:10:56,INFO,python.PythonRunner,"Times: total = 38, boot = -59, init = 96, finish = 1",E35,"Times: total = , boot = , init = , finish = "
769,17/06/09,20:10:56,INFO,python.PythonRunner,"Times: total = 39, boot = -59, init = 98, finish = 0",E35,"Times: total = , boot = , init = , finish = "
770,17/06/09,20:10:56,INFO,python.PythonRunner,"Times: total = 41, boot = -59, init = 100, finish = 0",E35,"Times: total = , boot = , init = , finish = "
771,17/06/09,20:10:56,INFO,python.PythonRunner,"Times: total = 41, boot = -59, init = 99, finish = 1",E35,"Times: total = , boot = , init = , finish = "
772,17/06/09,20:10:56,INFO,executor.Executor,Finished task 0.0 in stage 21.0 (TID 853). 2348 bytes result sent to driver,E9,Finished task  in stage  (TID ).  bytes result sent to driver
773,17/06/09,20:10:56,INFO,python.PythonRunner,"Times: total = 41, boot = -58, init = 98, finish = 1",E35,"Times: total = , boot = , init = , finish = "
774,17/06/09,20:10:56,INFO,executor.Executor,Finished task 1.0 in stage 21.0 (TID 867). 2333 bytes result sent to driver,E9,Finished task  in stage  (TID ).  bytes result sent to driver
775,17/06/09,20:10:56,INFO,executor.Executor,Finished task 3.0 in stage 21.0 (TID 878). 2333 bytes result sent to driver,E9,Finished task  in stage  (TID ).  bytes result sent to driver
776,17/06/09,20:10:56,INFO,executor.Executor,Finished task 4.0 in stage 21.0 (TID 879). 2333 bytes result sent to driver,E9,Finished task  in stage  (TID ).  bytes result sent to driver
777,17/06/09,20:10:56,INFO,executor.Executor,Finished task 2.0 in stage 21.0 (TID 877). 2333 bytes result sent to driver,E9,Finished task  in stage  (TID ).  bytes result sent to driver
778,17/06/09,20:10:56,INFO,executor.CoarseGrainedExecutorBackend,Got assigned task 886,E11,Got assigned task 
779,17/06/09,20:10:56,INFO,executor.Executor,Running task 0.0 in stage 22.0 (TID 886),E24,Running task  in stage  (TID )
780,17/06/09,20:10:56,INFO,executor.CoarseGrainedExecutorBackend,Got assigned task 900,E11,Got assigned task 
781,17/06/09,20:10:56,INFO,executor.Executor,Running task 1.0 in stage 22.0 (TID 900),E24,Running task  in stage  (TID )
782,17/06/09,20:10:56,INFO,executor.CoarseGrainedExecutorBackend,Got assigned task 912,E11,Got assigned task 
783,17/06/09,20:10:56,INFO,executor.Executor,Running task 2.0 in stage 22.0 (TID 912),E24,Running task  in stage  (TID )
784,17/06/09,20:10:56,INFO,executor.CoarseGrainedExecutorBackend,Got assigned task 918,E11,Got assigned task 
785,17/06/09,20:10:56,INFO,executor.Executor,Running task 3.0 in stage 22.0 (TID 918),E24,Running task  in stage  (TID )
786,17/06/09,20:10:56,INFO,executor.CoarseGrainedExecutorBackend,Got assigned task 919,E11,Got assigned task 
787,17/06/09,20:10:56,INFO,executor.Executor,Running task 4.0 in stage 22.0 (TID 919),E24,Running task  in stage  (TID )
788,17/06/09,20:10:56,INFO,broadcast.TorrentBroadcast,Started reading broadcast variable 31,E29,Started reading broadcast variable 
789,17/06/09,20:10:56,INFO,storage.MemoryStore,"Block broadcast_31_piece0 stored as bytes in memory (estimated size 5.6 KB, free 395.3 KB)",E2,"Block  stored as bytes in memory (estimated size , free )"
790,17/06/09,20:10:56,INFO,broadcast.TorrentBroadcast,Reading broadcast variable 31 took 8 ms,E20,Reading broadcast variable  took  ms
791,17/06/09,20:10:56,INFO,storage.MemoryStore,"Block broadcast_31 stored as values in memory (estimated size 9.8 KB, free 405.1 KB)",E3,"Block  stored as values in memory (estimated size , free )"
792,17/06/09,20:10:56,INFO,spark.CacheManager,"Partition rdd_30_0 not found, computing it",E19,"Partition rdd_ not found, computing it"
793,17/06/09,20:10:56,INFO,spark.CacheManager,"Partition rdd_30_4 not found, computing it",E19,"Partition rdd_ not found, computing it"
794,17/06/09,20:10:56,INFO,spark.CacheManager,"Partition rdd_30_3 not found, computing it",E19,"Partition rdd_ not found, computing it"
795,17/06/09,20:10:56,INFO,spark.CacheManager,"Partition rdd_30_2 not found, computing it",E19,"Partition rdd_ not found, computing it"
796,17/06/09,20:10:56,INFO,spark.CacheManager,"Partition rdd_30_1 not found, computing it",E19,"Partition rdd_ not found, computing it"
797,17/06/09,20:10:56,INFO,storage.BlockManager,Found block rdd_2_0 locally,E10,Found block rdd_ locally
798,17/06/09,20:10:56,INFO,storage.BlockManager,Found block rdd_2_4 locally,E10,Found block rdd_ locally
799,17/06/09,20:10:56,INFO,storage.BlockManager,Found block rdd_2_3 locally,E10,Found block rdd_ locally
800,17/06/09,20:10:56,INFO,storage.BlockManager,Found block rdd_2_2 locally,E10,Found block rdd_ locally
801,17/06/09,20:10:56,INFO,storage.BlockManager,Found block rdd_2_1 locally,E10,Found block rdd_ locally
802,17/06/09,20:10:56,INFO,python.PythonRunner,"Times: total = 37, boot = -88, init = 125, finish = 0",E35,"Times: total = , boot = , init = , finish = "
803,17/06/09,20:10:56,INFO,python.PythonRunner,"Times: total = 39, boot = -86, init = 125, finish = 0",E35,"Times: total = , boot = , init = , finish = "
804,17/06/09,20:10:56,INFO,storage.MemoryStore,"Block rdd_30_0 stored as bytes in memory (estimated size 324.0 B, free 405.4 KB)",E2,"Block  stored as bytes in memory (estimated size , free )"
805,17/06/09,20:10:56,INFO,python.PythonRunner,"Times: total = 39, boot = -86, init = 125, finish = 0",E35,"Times: total = , boot = , init = , finish = "
806,17/06/09,20:10:56,INFO,python.PythonRunner,"Times: total = 41, boot = -84, init = 125, finish = 0",E35,"Times: total = , boot = , init = , finish = "
807,17/06/09,20:10:56,INFO,python.PythonRunner,"Times: total = 40, boot = -85, init = 125, finish = 0",E35,"Times: total = , boot = , init = , finish = "
808,17/06/09,20:10:56,INFO,storage.MemoryStore,"Block rdd_30_1 stored as bytes in memory (estimated size 165.0 B, free 405.6 KB)",E2,"Block  stored as bytes in memory (estimated size , free )"
809,17/06/09,20:10:56,INFO,storage.MemoryStore,"Block rdd_30_2 stored as bytes in memory (estimated size 250.0 B, free 405.8 KB)",E2,"Block  stored as bytes in memory (estimated size , free )"
810,17/06/09,20:10:56,INFO,storage.MemoryStore,"Block rdd_30_4 stored as bytes in memory (estimated size 226.0 B, free 406.0 KB)",E2,"Block  stored as bytes in memory (estimated size , free )"
811,17/06/09,20:10:56,INFO,storage.MemoryStore,"Block rdd_30_3 stored as bytes in memory (estimated size 251.0 B, free 406.3 KB)",E2,"Block  stored as bytes in memory (estimated size , free )"
812,17/06/09,20:10:56,INFO,python.PythonRunner,"Times: total = 40, boot = 19, init = 21, finish = 0",E35,"Times: total = , boot = , init = , finish = "
813,17/06/09,20:10:56,INFO,python.PythonRunner,"Times: total = 39, boot = 20, init = 19, finish = 0",E35,"Times: total = , boot = , init = , finish = "
814,17/06/09,20:10:56,INFO,python.PythonRunner,"Times: total = 39, boot = 21, init = 18, finish = 0",E35,"Times: total = , boot = , init = , finish = "
815,17/06/09,20:10:56,INFO,executor.Executor,Finished task 0.0 in stage 22.0 (TID 886). 2667 bytes result sent to driver,E9,Finished task  in stage  (TID ).  bytes result sent to driver
816,17/06/09,20:10:56,INFO,python.PythonRunner,"Times: total = 41, boot = 18, init = 23, finish = 0",E35,"Times: total = , boot = , init = , finish = "
817,17/06/09,20:10:56,INFO,python.PythonRunner,"Times: total = 40, boot = 18, init = 22, finish = 0",E35,"Times: total = , boot = , init = , finish = "
818,17/06/09,20:10:56,INFO,executor.Executor,Finished task 1.0 in stage 22.0 (TID 900). 2667 bytes result sent to driver,E9,Finished task  in stage  (TID ).  bytes result sent to driver
819,17/06/09,20:10:56,INFO,executor.Executor,Finished task 2.0 in stage 22.0 (TID 912). 2667 bytes result sent to driver,E9,Finished task  in stage  (TID ).  bytes result sent to driver
820,17/06/09,20:10:56,INFO,executor.Executor,Finished task 4.0 in stage 22.0 (TID 919). 2667 bytes result sent to driver,E9,Finished task  in stage  (TID ).  bytes result sent to driver
821,17/06/09,20:10:56,INFO,executor.Executor,Finished task 3.0 in stage 22.0 (TID 918). 2667 bytes result sent to driver,E9,Finished task  in stage  (TID ).  bytes result sent to driver
822,17/06/09,20:10:56,INFO,executor.CoarseGrainedExecutorBackend,Got assigned task 926,E11,Got assigned task 
823,17/06/09,20:10:56,INFO,executor.Executor,Running task 0.0 in stage 23.0 (TID 926),E24,Running task  in stage  (TID )
824,17/06/09,20:10:56,INFO,executor.CoarseGrainedExecutorBackend,Got assigned task 940,E11,Got assigned task 